<?xml version="1.0" encoding="UTF-8"?><record xmlns="http://www.loc.gov/MARC21/slim" xmlns:cinclude="http://apache.org/cocoon/include/1.0" xmlns:zs="http://www.loc.gov/zing/srw/">
  <leader>00519nz  a2200145n  4500</leader>
  <controlfield tag="001">nr2005025099</controlfield>
  <controlfield tag="003">DLC</controlfield>
  <controlfield tag="005">20051028033109.0</controlfield>
  <controlfield tag="008">051020n| acannaabn          |n aaa     c</controlfield>
  <datafield tag="010" ind1=" " ind2=" ">
    <subfield code="a">nr2005025099</subfield>
  </datafield>
  <datafield tag="040" ind1=" " ind2=" ">
    <subfield code="a">DNGA</subfield>
    <subfield code="b">eng</subfield>
    <subfield code="c">DNGA</subfield>
  </datafield>
  <datafield tag="100" ind1="1" ind2=" ">
    <subfield code="a">Montant, Pierre,</subfield>
    <subfield code="d">1941-</subfield>
  </datafield>
  <datafield tag="670" ind1=" " ind2=" ">
    <subfield code="a">Pierre Montant, c2004:</subfield>
    <subfield code="b">p. 628 (b. 1941, Geneva; painter)</subfield>
  </datafield>
  <datafield tag="670" ind1=" " ind2=" ">
    <subfield code="a">Bénézit, 1999</subfield>
    <subfield code="b">(Montant, Pierre; b. 1941, Geneva)</subfield>
  </datafield>
  <datafield tag="670" ind1=" " ind2=" ">
    <subfield code="a">Biografisches Lexikon der schweizer Kunst, c1998</subfield>
    <subfield code="b">(Montant, Pierre-Jean-François; b. May 17, 1941, Geneva)</subfield>
  </datafield>
</record>